@article{correa_2009,
    title = {Comparison of three diagrammatic keys for the quantification of late blight in tomato leaves},
    volume = {58},
    copyright = {© 2009 The Authors. Journal compilation © 2009 BSPP},
    issn = {1365-3059},
    url = {http://onlinelibrary.wiley.com/doi/10.1111/j.1365-3059.2009.02140.x/abstract},
    doi = {10.1111/j.1365-3059.2009.02140.x},
    language = {en},
    number = {6},
    urldate = {2015-08-27},
    journal = {Plant Pathology},
    author = {Corrêa, F. M. and Bueno Filho, J. S. S. and Carmo, M. G. F.},
    year = {2009},
    keywords = {Phytophthora infestans, Solanum lycopersicum, disease assessment, disease severity},
    pages = {1128--1133},
}
@book{grolemund_r_nodate,
    title = {R Markdown: The Definitive Guide},
    shorttitle = {R {Markdown}},
    url = {https://bookdown.org/yihui/rmarkdown/},
    urldate = {2021-02-17},
    author = {Grolemund, J. J. Allaire, Garrett, Yihui Xie},
}
@book{Dougherty,
    title = {Introduction to Econometrics, 5th ed},
    publisher = {Oxford: Oxford University Press},
	year      = {2016},
    url = {https://global.oup.com/uk/orc/busecon/economics/dougherty5e/},
    urldate = {2022-08-21},
    author = {C. Dougherty},
}
@book{Pindyck,
    title = {Econometric Models & Economic Forecasts, 3rd ed},
    publisher = {Singapore: McGraw-Hill},
	year      = {1991},
    author = {Pindyck, R.S and Rubinfeld, D. L.},
}
@book{Stock,
    title = {Introduction to Econometrics},
    publisher = {Boston: Addison-Wesley},
	year      = {2003},
    author = {Stock, James H. and Watson, Mark W.},
}
@book{Gujarati,
    title = {Basic Econometrics},
    publisher = {New York: McGraw-Hill/Irwin},
	year      = {2009},
    author = {Damodar N. Gujarati, Dawn C. Porter},
}